%% This BibTeX bibliography file was created using BibDesk.
%% http://bibdesk.sourceforge.net/


%% Created for Marcelo Salloum at 2013-07-31 23:45:06 -0300 


%% Saved with string encoding Unicode (UTF-8) 



@mastersthesis{Oliveira06,
	Author = {Marco Antonio Floriano de Oliveira},
	Date-Added = {2013-08-01 02:40:08 +0000},
	Date-Modified = {2013-08-01 02:45:04 +0000},
	Month = {nov.},
	School = {Universidade Federal de Santa Catarina},
	Title = {Correlacionamento Est{\'e}reo de Complexidade Linear Baseado em Indexa{\c c}{\~a}o de Regi{\~o}es},
	Year = {2006}}

@article{Darrell88,
	Author = {T. Darrell and K. Wohn},
	Date-Added = {2013-07-31 21:42:12 +0000},
	Date-Modified = {2013-08-01 02:03:23 +0000},
	Journal = {Proc. Computer Vision and Proc. Computer Vision and Pattern Recognition},
	Pages = {504-509},
	Title = {Pyramid based depth from focus},
	Year = {1988},
	Bdsk-File-1 = {YnBsaXN0MDDUAQIDBAUGJCVYJHZlcnNpb25YJG9iamVjdHNZJGFyY2hpdmVyVCR0b3ASAAGGoKgHCBMUFRYaIVUkbnVsbNMJCgsMDxJXTlMua2V5c1pOUy5vYmplY3RzViRjbGFzc6INDoACgAOiEBGABIAFgAdccmVsYXRpdmVQYXRoWWFsaWFzRGF0YVxEYXJyZWxfVC5wZGbSFwsYGVdOUy5kYXRhTxEBzAAAAAABzAACAAAMTWFjaW50b3NoIEhEAAAAAAAAAAAAAAAAAAAAzXjJk0grAAAA0OzWDERhcnJlbF9ULnBkZgAAAAAAAAAAAAAAAAAAAAAAAAAAAAAAAAAAAAAAAAAAAAAAAAAAAAAAAAAAAAAAAAAAAADQ8MvNlc3VAAAAAAAAAAAAAQACAAAJIAAAAAAAAAAAAAAAAAAAAAxCaWJsaW9ncmFmaWEAEAAIAADNePPDAAAAEQAIAADNlfgFAAAAAQAUANDs1gDQOoUAFyvBABHoggAMsjsAAgBaTWFjaW50b3NoIEhEOlVzZXJzOgBtYXJjZWxvc2FsbG91bToAUHJvamVjdHM6AGxhdGV4RGlzc2VydGFjYW86AEJpYmxpb2dyYWZpYToARGFycmVsX1QucGRmAA4AGgAMAEQAYQByAHIAZQBsAF8AVAAuAHAAZABmAA8AGgAMAE0AYQBjAGkAbgB0AG8AcwBoACAASABEABIASFVzZXJzL21hcmNlbG9zYWxsb3VtL1Byb2plY3RzL2xhdGV4RGlzc2VydGFjYW8vQmlibGlvZ3JhZmlhL0RhcnJlbF9ULnBkZgATAAEvAAAVAAIAFf//AACABtIbHB0eWiRjbGFzc25hbWVYJGNsYXNzZXNdTlNNdXRhYmxlRGF0YaMdHyBWTlNEYXRhWE5TT2JqZWN00hscIiNcTlNEaWN0aW9uYXJ5oiIgXxAPTlNLZXllZEFyY2hpdmVy0SYnVHJvb3SAAQAIABEAGgAjAC0AMgA3AEAARgBNAFUAYABnAGoAbABuAHEAcwB1AHcAhACOAJsAoACoAngCegJ/AooCkwKhAqUCrAK1AroCxwLKAtwC3wLkAAAAAAAAAgEAAAAAAAAAKAAAAAAAAAAAAAAAAAAAAuY=}}

@article{Gross87,
	Author = {P. Grossman},
	Date-Added = {2013-07-31 21:33:08 +0000},
	Date-Modified = {2013-08-01 02:43:33 +0000},
	Journal = {Pattern Recognition Letters},
	Month = {jan.},
	Pages = {63-69},
	Rating = {5},
	Read = {1},
	Title = {Depth from focus},
	Volume = {5},
	Year = {1987},
	Bdsk-File-1 = {YnBsaXN0MDDUAQIDBAUGJCVYJHZlcnNpb25YJG9iamVjdHNZJGFyY2hpdmVyVCR0b3ASAAGGoKgHCBMUFRYaIVUkbnVsbNMJCgsMDxJXTlMua2V5c1pOUy5vYmplY3RzViRjbGFzc6INDoACgAOiEBGABIAFgAdccmVsYXRpdmVQYXRoWWFsaWFzRGF0YV8QE0dyb3NzbWFuX1BfMTk4Ny5wZGbSFwsYGVdOUy5kYXRhTxEB6gAAAAAB6gACAAAMTWFjaW50b3NoIEhEAAAAAAAAAAAAAAAAAAAAzXjJk0grAAAA0OzWE0dyb3NzbWFuX1BfMTk4Ny5wZGYAAAAAAAAAAAAAAAAAAAAAAAAAAAAAAAAAAAAAAAAAAAAAAAAAAAAAAAAAAADQ7NnNlFiZAAAAAAAAAAAAAQACAAAJIAAAAAAAAAAAAAAAAAAAAAxCaWJsaW9ncmFmaWEAEAAIAADNePPDAAAAEQAIAADNlILJAAAAAQAUANDs1gDQOoUAFyvBABHoggAMsjsAAgBhTWFjaW50b3NoIEhEOlVzZXJzOgBtYXJjZWxvc2FsbG91bToAUHJvamVjdHM6AGxhdGV4RGlzc2VydGFjYW86AEJpYmxpb2dyYWZpYToAR3Jvc3NtYW5fUF8xOTg3LnBkZgAADgAoABMARwByAG8AcwBzAG0AYQBuAF8AUABfADEAOQA4ADcALgBwAGQAZgAPABoADABNAGEAYwBpAG4AdABvAHMAaAAgAEgARAASAE9Vc2Vycy9tYXJjZWxvc2FsbG91bS9Qcm9qZWN0cy9sYXRleERpc3NlcnRhY2FvL0JpYmxpb2dyYWZpYS9Hcm9zc21hbl9QXzE5ODcucGRmAAATAAEvAAAVAAIAFf//AACABtIbHB0eWiRjbGFzc25hbWVYJGNsYXNzZXNdTlNNdXRhYmxlRGF0YaMdHyBWTlNEYXRhWE5TT2JqZWN00hscIiNcTlNEaWN0aW9uYXJ5oiIgXxAPTlNLZXllZEFyY2hpdmVy0SYnVHJvb3SAAQAIABEAGgAjAC0AMgA3AEAARgBNAFUAYABnAGoAbABuAHEAcwB1AHcAhACOAKQAqQCxAp8CoQKmArECugLIAswC0wLcAuEC7gLxAwMDBgMLAAAAAAAAAgEAAAAAAAAAKAAAAAAAAAAAAAAAAAAAAw0=}}
